Automatically generated by Mendeley Desktop 1.15
Any changes to this file will be lost if it is regenerated by Mendeley.

BibTeX export options can be customized via Options -> BibTeX in Mendeley Desktop

@book{schwaber2002,
author = {Shwaber, Ken and Beedle, Mike},
editor = {R., Alan},
isbn = {0-13-067634-9},
keywords = {Agile Software Methods,Scrum,Software Development},
mendeley-tags = {Agile Software Methods,Scrum,Software Development},
publisher = {Pearson},
title = {{Agile Software Development with Scrum}},
year = {2002}
}
@book{Branas2014,
address = {Birmingham},
author = {Branas, Rodrigo},
isbn = {978-1-78398-008-6},
publisher = {Packt Publishing Ltd.},
title = {{AgularJS Essentials}},
year = {2014}
}
@book{cohn2004,
address = {Crawfordsville},
author = {Cohn, Mike},
isbn = {978-0-321-20568-1},
publisher = {Addison Wesley},
title = {{Users Stories Applied}},
year = {2004}
}
@book{Freeman2014,
author = {Freeman, Adam},
isbn = {9781430264484},
publisher = {Apress},
title = {{Pro AngularJS}},
year = {2014}
}
