Automatically generated by Mendeley Desktop 1.14
Any changes to this file will be lost if it is regenerated by Mendeley.

BibTeX export options can be customized via Options -> BibTeX in Mendeley Desktop

@article{AbnTeX2015,
author = {AbnTeX},
title = {{Modelo Can\^{o}nico de Relat\'{o}rio T\'{e}cnico e/ou Cient\'{\i}fico com abnTEX2}},
year = {2015}
}
@article{Shawar2007,
author = {Shawar, BA and Atwell, Eric},
journal = {Proceedings of the Workshop on Bridging the Gap: \ldots},
number = {April},
pages = {89--96},
title = {{Different measurements metrics to evaluate a chatbot system}},
url = {http://dl.acm.org/citation.cfm?id=1556341},
year = {2007}
}
