Automatically generated by Mendeley Desktop 1.14
Any changes to this file will be lost if it is regenerated by Mendeley.

BibTeX export options can be customized via Options -> BibTeX in Mendeley Desktop

@article{Jorntell2009,
author = {Jorntell, Henrik and Forsberg, Per-Ola and Bengtsson, Fredrik and Johansson, Rolf},
doi = {10.1109/ROBIO.2009.5420640},
file = {::},
isbn = {978-1-4244-4774-9},
journal = {2009 IEEE International Conference on Robotics and Biomimetics (ROBIO)},
month = dec,
pages = {98--103},
publisher = {Ieee},
title = {{Mathematical modeling of brain circuitry during cerebellar movement control}},
url = {http://ieeexplore.ieee.org/lpdocs/epic03/wrapper.htm?arnumber=5420640},
year = {2009}
}
@article{Plant1994,
author = {Plant, Robert T. and Salinas, Juan P.},
doi = {10.1016/0378-7206(94)90009-4},
file = {::},
issn = {03787206},
journal = {Information \& Management},
keywords = {benchmarking},
month = aug,
number = {2},
pages = {89--101},
title = {{Expert systems shell benchmarks: The missing comparison factor}},
url = {http://linkinghub.elsevier.com/retrieve/pii/0378720694900094},
volume = {27},
year = {1994}
}
