@comment{x-kbibtex-personnameformatting=<%l><, %f>}

@book{baird1995experimentation,
	address = "United States",
	author = "Baird, D.C.",
	edition = "3th",
	isbn = "9780133032987",
	lccn = "94013384",
	publisher = "Prentice-Hall",
	title = "{Experimentation: an introduction to measurement theory and experiment design}",
	year = "1995"
}

@book{tiagotabela,
	address = "Rio de Janeiro",
	author = "Filho, Geraldo L{\'u}cio Tiago and Galhardo, Camilha Rocha",
	publisher = "Minist{\'e}rio de Minas e Energia",
	title = "{Um panorama das pequenas centrais no brasil}",
	year = "2006"
}

@book{taylor1997introduction,
	address = "Sausalito, California",
	author = "Taylor, John R.",
	edition = "2th",
	publisher = "University Science Books",
	title = "{An Introduction to Error Analysis: The Study of Uncertainties in Physical Measurements}",
	year = "1997"
}

@book{incerteza2,
	address = "Porto",
	author = "Cabral, Paulo",
	publisher = "Instituto Superior de Engenharia do Porto -- ISEP",
	title = "{Erros e Incertezas nas Medi\c{c}ões}",
	year = "2004"
}

@book{nbr13403,
	address = "Brasil",
	author = "{ABNT}",
	publisher = "Associa\c{c}{\~a}o Brasileira de Normas T{\'e}cnicas",
	title = "{NBR 13403 -- Medica\c{c}{\~a}o de vaz{\~a}o em efluentes l{\'i}quidos e corpos receptores - Escoamento livre - Procedimento}",
	year = "1995"
}

@book{nbr1159,
	address = "Brasil",
	author = "{ABNT}",
	publisher = "Associa\c{c}{\~a}o Brasileira de Normas T{\'e}cnicas",
	title = "{NBR 11159 -- Sistema de regula\c{c}{\~a}o de turbinas hidr{\'a}ulicas -- Ensaios}",
	year = "1988"
}

@book{nbr12591,
	address = "Brasil",
	author = "{ABNT}",
	publisher = "Associa\c{c}{\~a}o Brasileira de Normas T{\'e}cnicas",
	title = "{NBR 12591 -- Dimensões principais de turbinas hidr{\'a}ulicas para pequenas centrais hidrel{\'e}tricas (PCH)}",
	year = "1992"
}

@book{nbr6445,
	address = "Brasil",
	author = "{ABNT}",
	publisher = "Associa\c{c}{\~a}o Brasileira de Normas T{\'e}cnicas",
	title = "{NBR 6445 -- Turbinas Hidr{\'a}ulicas, Turbinas-Bombas e Bombas de Acumula\c{c}{\~a}o}",
	year = "1987"
}

@book{nbr228,
	address = "Brasil",
	author = "{ABNT}",
	publisher = "Associa\c{c}{\~a}o Brasileira de Normas T{\'e}cnicas",
	title = "{NBR 228 -- Turbinas Hidr{\'a}ulicas -- Ensaio de campo}",
	year = "1990"
}

@book{macintyre1983,
	address = "Rio de Janeiro",
	author = "Macintyre, A.J.",
	publisher = "Guanabara Dois",
	title = "{Maquinas motrizes hidraulicas}",
	year = "1983"
}

@mastersthesis{nigel,
	author = "Donald, Ramsay Mac and Sloot, Nigel",
	school = "Anton de Kom Universiteit van Suriname -- Faculteit der Technologische Wetenschappen Studierichting Werktuigbouwkunde",
	title = "{Experimental Assessment and Numerical Analysis of an Indalma Hydraulic Turbine}",
	year = "2014"
}

@book{medvazao,
	address = "Pernambuco",
	author = "{CPRH}",
	publisher = "Ag{\^e}ncia Estadual de Meio Ambiente - CPRH",
	title = "{Norma T{\'e}cnica: Medi\c{c}{\~a}o de Vaz{\~a}o de Efluentes l{\'i}quidos - Escoamento Livre}",
	year = "2004"
}

@book{medidorq,
	address = "S{\~a}o Paulo - SP",
	author = "CONTECH",
	edition = "",
	organization = "",
	publisher = "CONTECH Ind{\'u}stria e Comercio de Equipamentos Eletr{\^o}nicos Ltda",
	title = "{Medidor de Vaz{\~a}o Eletromagn{\'e}tico CTH -- Manual T{\'e}cnico.}",
	year = "2013"
}

@article{juliany,
	address = "Gramado - RS",
	author = "da Silva, Juliany Martins and van Els, Rudi Henri and Ara{\'u}jo, Bruna Bianca Machado and Santander, Olga Lucia Sanchez",
	journal = "Congresso Brasileiro de Educa\c{c}{\~a}o em Engenharia",
	number = "XLI",
	title = "{Laborat{\'o}rio Real de Gera\c{c}{\~a}o Hidrel{\'e}trica -- Proposta Metodol{\'o}gica de utiliza\c{c}{\~a}o de Bancada de Ensaio de Turbina Hidr{\'a}ulica no Curso de Engenharia de Energia}",
	year = "2013"
}

@article{danilo,
	author = "Oliveira, Danilo dos Santos",
	journal = "Congresso de Inicia\c{c}{\~a}o Cient{\'i}fica da UnB",
	number = "19",
	title = "{Avalia\c{c}{\~a}o Experimental das Perdas de Carga Atrav{\'e}s de um Modelo Laboratorial de Turbina Hidr{\'a}ulica}",
	volume = "1",
	year = "2013"
}

@article{jessica,
	author = "Gama, J{\'e}ssica Rocha",
	journal = "Congresso de Inicia\c{c}{\~a}o Cient{\'i}fica da UnB",
	number = "19",
	pages = "",
	title = "{Monitoramento Experimental da Rota\c{c}{\~a}o e Torque de uma Turbina Hidr{\'a}ulica}",
	volume = "1",
	year = "2013"
}

@article{rudi,
	author = "Els, Rudi Henri Van and Diniz, Janaina Deane de Abreu S{\'a} and do Socorro, Josiane and de Souza, Aguiar and Junior, Antonio Cesar Pinho Brasil and de Souza, Antonio Nazareno Almada and Kroetz, Jaemir Grasiel",
	journal = "Revista Brasileira de Energia",
	number = "16",
	pages = "35--46",
	title = "{Eletrifica\c{c}{\~a}o Rural em Santar{\'e}m: Contribui\c{c}{\~a}o das Microcentrais}",
	volume = "1",
	year = "2010"
}

@article{Goldemberg,
	author = "Goldemberg, Jos{\'e}",
	journal = "Energia e Desenvolvimento",
	number = "33",
	pages = "7--15",
	title = "{Energia e desenvolvimento}",
	volume = "1 -- ISSN 0103-4014",
	year = "2008"
}

@book{cerpch,
	address = "Itajub{\'a}",
	author = "CERPCH",
	edition = "",
	organization = "http://www.cerpch.unifei.edu.br/o-que-e.html",
	publisher = "Centro Nacional de Refer{\^e}ncias em Pequenas Centrais Hidrel{\'e}tricas",
	title = "{O manual de Pequenas Centrais Hidrel{\'e}tricas}",
	year = "2014"
}

@manual{trilhaenergia,
	address = "Bras{\'i}lia",
	author = "ELETROBR{\'A}S",
	title = "{Na Trilha da Energia}",
	url = "http://www.eletrobras.com/elb/natrilhadaenergia/main.asp",
	urlaccessdate = "06 jan. 2014",
	year = "2014"
}

@book{cana1,
	address = "Itajub{\'a}",
	author = "Filho, Geraldo L{\'u}cio Tiago",
	edition = "",
	publisher = "Centro Nacional de Refer{\^e}ncias em Pequenas Centrais Hidrel{\'e}tricas",
	title = "{Energiza\c{c}{\~a}o de Comunidade Isolada na Amaz{\^o}nia -- Projeto Microcentral Cana{\~a}}",
	year = "2006"
}

@book{atlas,
	address = "Bras{\'i}lia",
	author = "ANEEL",
	edition = "3th",
	publisher = "ANEEL",
	title = "{Atlas de Energia El{\'e}trica do Brasil}",
	year = "2008"
}

@book{epe2013,
	address = "Rio de Janeiro",
	author = "EPE",
	edition = "",
	publisher = "EPE",
	title = "{Empresa de Pesquisa Energ{\'e}tica -- Balan\c{c}o Energ{\'e}tico Nacional 2013}",
	year = "2013"
}

@book{souza,
	address = "Rio de Janeiro",
	author = "de Souza, Zulcy and Santos, Afonso Henrique Moreira and Bortoni, Edson da Costai",
	edition = "6th",
	publisher = "Interci{\^e}ncia",
	title = "{Centrais Hidrel{\'e}tricas -- Implanta\c{c}{\~a}o e Comissionamento}",
	year = "2009"
}

@book{henn,
	address = "Rio Grande do Sul",
	author = "Henn, {\'E}rico A. L.",
	edition = "2th",
	publisher = "Universidade Federal de Santa Maria",
	title = "{M{\'a}quinas de Fluido}",
	year = "2006"
}

@book{fox,
	address = "Rio de Janeiro",
	author = "Fox, Robert W.",
	edition = "7th",
	publisher = "LTC",
	title = "{Introdu\c{c}{\~a}o {\`a} Mec{\^a}nica dos Fluidos}",
	year = "2012"
}

@book{ibge2010,
	author = "IBGE",
	edition = "",
	publisher = "IBGE",
	title = "{Instituto Brasileiro de Geografia e Estat{\'i}stica -- CENSO 2010}",
	year = "2011"
}

@book{franco,
	author = "Franco, N. M.",
	edition = "1th",
	publisher = "Prentice-Hall",
	title = "{C{\'a}lculo Num{\'e}rico}",
	year = "2007"
}

@book{white,
	address = "Rio Grande do Sul",
	author = "White, Frank M.",
	edition = "6th",
	isbn = "978-85-63308-21-4",
	publisher = "McGRAW-HILL BRASIL",
	title = "{Mec{\^a}nica dos Fluidos}",
	year = "2011"
}

@mastersthesis{michel01,
	address = "Porto Alegre",
	author = "Michels, Ademar",
	month = "set.",
	school = "Universidade Federal do Rio Grande do Sul",
	title = "{Sistem{\'a}tica para implanta\c{c}{\~a}o e avalia\c{c}{\~a}o do funcionamento de microusinas hidrel{\'e}tricas no interior da {R}io {G}rande do {S}ul}",
	year = "1991"
}

@mastersthesis{araujo2012,
	address = "Bras{\'i}lia",
	author = "Araujo, Lauro C{\'e}sar",
	date-added = "2013-01-09 11:04:42 +0000",
	date-modified = "2013-01-09 11:04:42 +0000",
	month = "mar.",
	school = "Universidade de Bras{\'i}lia",
	subtitle = "uma perspectiva de {A}rquitetura da {I}nforma\c{c}{\~a}o da {E}scola de {B}ras{\'i}lia",
	title = "{Configura\c{c}{\~a}o}",
	year = "2012"
}

@book{UFRJ,
	address = "Rio de Janeiro",
	author = "Leonardo",
	organization = "http://www.ufrrj.br/institutos/it/deng/leonardo/downloads/APOSTILA/HIDRO-Cap1-INTRO.pdf",
	publisher = "Universidade Federal do Rio de Janeiro",
	title = "{Hidrologia}",
	urlaccessdate = "13 set 2013",
	year = "2013"
}

@book{UFPR,
	address = "Rio de Janeiro",
	author = "UTFPR",
	date-added = "2013-08-21 13:56:10 +0000",
	date-modified = "2013-08-21 13:56:10 +0000",
	edition = "1",
	organization = "http://pessoal.utfpr.edu.br/mannich/arquivos/hidro\_celimar.pdf",
	publisher = "Departamento Acad{\^e}mico de Constru\c{c}{\~a}o Civil -- DACOC, Universidade Tecnol{\'o}gica Federal do Paran{\'a}",
	title = "{Apostila de Hidrologia Aplicada}",
	urlaccessdate = "18 set 2013",
	year = "2010"
}

@manual{UFRR,
	author = "UFRR",
	bdsk-url-1 = "http://mirrors.ctan.org/macros/latex/contrib/glossaries/glossaries-user.pdf",
	month = "Out.",
	title = "{Determina\c{c}{\~a}o das Caracter{\'i}sticas da Bacia Hidrogr{\'a}fica do rio Agraguaia -- Cidade Aragua{\'i}na}",
	year = "2012"
}

@manual{sin,
	author = "{Portal Brasil}",
	month = "Jan.",
	title = "{Sistema Interligado Nacional}",
	urlaccessdate = "08 jan. 2014",
	year = "2014"
}

@manual{eletrobras1,
	address = "Bras{\'i}lia",
	author = "ELETROBR{\'A}S",
	month = "Jan.",
	title = "{Sistema de Coleta de Dados Operacionais (SCD) -- Sistemas Isolados}",
	urlaccessdate = "08 jan. 2014",
	year = "2014"
}

@manual{eletrobras,
	address = "Bras{\'i}lia",
	author = "ELETROBR{\'A}S",
	bdsk-url-1 = "http://www.portalpch.com.br/index.php/diretrizes-para-estudos-e-projetos-de-pequenas-centrais-hidreletricas",
	month = "Out.",
	title = "{Diretrizes para Estudos e Projetos de Pequenas Centrais Hidrel{\'e}tricas}",
	url = "http://www.portalpch.com.br/index.php/diretrizes-para-estudos-e-projetos-de-pequenas-centrais-hidreletricas",
	urlaccessdate = "11 out. 2013",
	year = "2013"
}

@book{Joao,
	address = "Campina Grande",
	author = "Batista, Myrla de Souza",
	edition = "1",
	organization = "http://www.barramentos.ufc.br/Hometiciana/Arquivos/Graduacao/Apostila\_Hidrologia\_grad/Cap\_12\_Regularizacao\_de\_Vazoes.pdf",
	publisher = "Universidade Federal de Campina Grande -- UFCG",
	title = "{Regulariza\c{c}{\~a}o de Vazões e Controle de Estiagem.}",
	urlaccessdate = "18 set 2013",
	year = "2008"
}

@book{bizu,
	address = "Bras{\'i}lia",
	author = "Filho, Geraldo L{\'u}cio Tiago and J{\'u}nior, {\^A}ngelo Stano and J{\'u}nior, Ant{\^o}nio Brasil and Ferrari, Helmo Lemos ande Jason Tibiri\c{c}a and Nunes, Camila Fernandes and Alves, Luis Henrique de Faria and Nunes, Caroline Fernandes and Moura, Juliana Sales and Ramos, Rodrigo and Els, Rudi Van and Leite, Frederico",
	edition = "1",
	publisher = "Minist{\'e}rio de Minas e Energia",
	title = "{Pequenos Aproveitamentos Hidroel{\'e}tricos -- Solu\c{c}ões Energ{\'e}ticas para a Amaz{\^o}nia}",
	year = "2008"
}

@book{bizu2,
	address = "Bras{\'i}lia",
	author = "Barreto, Eduardo Jos{\'e} Fagundes and Pinho, Jo{\~a}o Tavres and Filho, Geraldo L{\'u}cio Tiago and Nogueira, Gon\c{c}alo Rendeiro ande Manoel and Gonzalez, Wilma de Ara{\'u}jo",
	edition = "1",
	publisher = "Minist{\'e}rio de Minas e Energia",
	title = "{Tecnologias de Energia Renov{\'a}veis - Solu\c{c}ões Energ{\'e}ticas para Amaz{\^o}nia}",
	urlaccessdate = "18 set 2013",
	year = "2008"
}

@manual{hidroweb,
	author = "ANA",
	bdsk-url-1 = "http://hidroweb.ana.gov.br/",
	month = "Out.",
	title = "{HidroWeb -- Sistemas de Informa\c{c}ões Hidrol{\'o}gicas}",
	url = "http://hidroweb.ana.gov.br/",
	urlaccessdate = "13 ago. 2013",
	year = "2013"
}

@manual{rio,
	author = "ANA",
	bdsk-url-1 = "http://hidroweb.ana.gov.br/Estacao.asp?Codigo=34690000",
	month = "Out.",
	title = "{HidroWeb -- S{\'e}ries hist{\'o}ricas de dados brutos}",
	url = "http://hidroweb.ana.gov.br/Estacao.asp?Codigo=34690000",
	urlaccessdate = "13 ago. 2013",
	year = "2013"
}

@book{Danilo,
	address = "Rio de Janeiro",
	author = "IBGE",
	date-added = "2013-08-21 13:56:10 +0000",
	date-modified = "2013-08-21 13:56:10 +0000",
	edition = "3",
	organization = "http://biblioteca.ibge.gov.br/visualizacao/livros/liv23907.pdf",
	publisher = "Centro de Documenta\c{c}{\~a}o e Dissemina\c{c}{\~a}o de Informa\c{c}{\~o}es. Funda\c{c}{\~a}o Intituto Brasileiro de Geografia e Estat{\'i}stica",
	title = "{Normas de apresenta\c{c}{\~a}o tabular}",
	urlaccessdate = "21 ago 2013",
	year = "1993"
}

@misc{abntex2-wiki-como-customizar,
	author = "abnTeX2",
	bdsk-url-1 = "https://code.google.com/p/abntex2/wiki/ComoCustomizar",
	date-added = "2013-03-23 21:39:21 +0000",
	date-modified = "2013-03-23 21:44:20 +0000",
	howpublished = "Wiki do abnTeX2",
	keywords = "wiki",
	title = "{Como customizar o abnTeX2}",
	url = "https://code.google.com/p/abntex2/wiki/ComoCustomizar",
	urlaccessdate = "23 mar. 2013",
	year = "2013"
}

@manual{talbot2012,
	author = "Talbot, Nicola L.C.",
	bdsk-url-1 = "http://mirrors.ctan.org/macros/latex/contrib/glossaries/glossaries-user.pdf",
	date-added = "2013-03-11 12:06:04 +0000",
	date-modified = "2013-03-11 12:06:56 +0000",
	month = "Nov.",
	title = "{User Manual for glossaries.sty}",
	url = "http://mirrors.ctan.org/macros/latex/contrib/glossaries/glossaries-user.pdf",
	urlaccessdate = "11 mar. 2013",
	year = "2012"
}

@manual{babel,
	author = "Braams, Johannes",
	bdsk-url-1 = "http://mirrors.ctan.org/info/babel/babel.pdf",
	date-added = "2013-02-17 13:37:14 +0000",
	date-modified = "2013-02-17 13:38:38 +0000",
	month = "Apr.",
	title = "{Babel, a multilingual package for use with LATEX's standard document classes}",
	url = "http://mirrors.ctan.org/info/babel/babel.pdf",
	urlaccessdate = "17 fev. 2013",
	year = "2008"
}

@manual{abntex2modelo-artigo,
	annote = "Este documento {\'e} derivado do \cite{abnt-bibtex-doc}",
	author = "abnTeX2",
	bdsk-url-1 = "http://code.google.com/p/abntex2/",
	date-added = "2013-01-15 00:10:35 +0000",
	date-modified = "2013-02-04 12:05:47 +0000",
	organization = "Equipe abnTeX2",
	title = "{Modelo Can{\^o}nico de Artigo Cient{\'i}fico com abnTeX2}",
	url = "http://abntex2.googlecode.com/",
	year = "2013"
}

@manual{abntex2modelo-relatorio,
	annote = "Este documento {\'e} derivado do \cite{abnt-bibtex-doc}",
	author = "abnTeX2",
	bdsk-url-1 = "http://code.google.com/p/abntex2/",
	date-added = "2013-01-15 00:05:34 +0000",
	date-modified = "2013-02-04 12:05:50 +0000",
	organization = "Equipe abnTeX2",
	title = "{Modelo Can{\^o}nico de Relat{\'o}rio T{\'e}cnico e/ou Cient{\'i}fico com abnTeX2}",
	url = "http://abntex2.googlecode.com/",
	year = "2013"
}

@manual{abntex2modelo,
	annote = "Este documento {\'e} derivado do \cite{abnt-bibtex-doc}",
	author = "abnTeX2",
	bdsk-url-1 = "http://code.google.com/p/abntex2/",
	date-added = "2013-01-12 22:55:32 +0000",
	date-modified = "2013-02-04 12:05:54 +0000",
	organization = "Equipe abnTeX2",
	title = "{Modelo Can{\^o}nico de Trabalho Acad{\^e}mico com abnTeX2}",
	url = "http://abntex2.googlecode.com/",
	year = "2013"
}

@mastersthesis{araujo2012,
	address = "Bras{\'i}lia",
	author = "Araujo, Lauro C{\'e}sar",
	date-added = "2013-01-09 11:04:42 +0000",
	date-modified = "2013-01-09 11:04:42 +0000",
	month = "mar.",
	school = "Universidade de Bras{\'i}lia",
	subtitle = "uma perspectiva de {A}rquitetura da {I}nforma\c{c}{\~a}o da {E}scola de {B}ras{\'i}lia",
	title = "{Configura\c{c}{\~a}o}",
	year = "2012"
}

@manual{memoir,
	address = "Normandy Park, WA",
	author = "Wilson, Peter and Madsen, Lars",
	bdsk-url-1 = "http://ctan.tche.br/macros/latex/contrib/memoir/memman.pdf",
	date-added = "2013-01-09 10:37:50 +0000",
	date-modified = "2013-03-21 13:23:25 +0000",
	organization = "The Herries Press",
	title = "{The Memoir Class for Configurable Typesetting - User Guide}",
	url = "http://mirrors.ctan.org/macros/latex/contrib/memoir/memman.pdf",
	urlaccessdate = "19 dez. 2012",
	year = "2010"
}

@manual{abntex2cite-alf,
	annote = "Este documento {\'e} derivado do \cite{abnt-bibtex-alf-doc}",
	author = "abnTeX2 and Araujo, Lauro C{\'e}sar",
	bdsk-url-1 = "http://code.google.com/p/abntex2/",
	date-added = "2013-01-09 10:37:45 +0000",
	date-modified = "2013-04-05 11:03:05 +0000",
	organization = "Equipe abnTeX2",
	title = "{O pacote abntex2cite: t{\'o}picos espec{\'i}ficos da ABNT NBR 10520:2002 e o estilo bibliogr{\'a}fico alfab{\'e}tico (sistema autor-data)}",
	url = "http://abntex2.googlecode.com/",
	year = "2013"
}

@manual{abntex2cite,
	annote = "Este documento {\'e} derivado do \cite{abnt-bibtex-doc}",
	author = "abnTeX2 and Araujo, Lauro C{\'e}sar",
	bdsk-url-1 = "http://code.google.com/p/abntex2/",
	date-added = "2013-01-09 10:37:45 +0000",
	date-modified = "2013-04-05 10:47:36 +0000",
	organization = "Equipe abnTeX2",
	title = "{O pacote abntex2cite: Estilos bibliogr{\'a}ficos compat{\'i}veis com a ABNT NBR 6023}",
	url = "http://abntex2.googlecode.com/",
	year = "2013"
}

@manual{abntex2classe,
	author = "abnTeX2 and Araujo, Lauro C{\'e}sar",
	bdsk-url-1 = "http://code.google.com/p/abntex2/",
	date-added = "2013-01-09 10:37:38 +0000",
	date-modified = "2013-04-05 11:03:48 +0000",
	organization = "Equipe abnTeX2",
	title = "{A classe abntex2: Modelo can{\^o}nico de trabalhos acad{\^e}micos brasileiros compat{\'i}vel com as normas ABNT NBR 14724:2011, ABNT NBR 6024:2012 e outras}",
	url = "http://abntex2.googlecode.com/",
	year = "2013"
}

@manual{NBR10520:2002,
	address = "Rio de Janeiro",
	date-added = "2012-12-15 21:43:38 +0000",
	date-modified = "2013-01-12 22:17:20 +0000",
	month = "ago.",
	org-short = "ABNT",
	organization = "Associa\c{c}{\~a}o Brasileira de Normas T{\'e}cnicas",
	pages = 7,
	subtitle = "Informa\c{c}{\~a}o e documenta\c{c}{\~a}o --- Apresenta\c{c}{\~a}o de cita\c{c}\~oes em documentos",
	title = "{{NBR} 10520}",
	year = 2002
}

@manual{NBR6024:2012,
	address = "Rio de Janeiro",
	date-added = "2012-12-15 21:24:06 +0000",
	date-modified = "2012-12-15 21:24:28 +0000",
	month = "fev.",
	org-short = "ABNT",
	organization = "Associa\c{c}{\~a}o Brasileira de Normas T{\'e}cnicas",
	pages = 4,
	subtitle = "Numera\c{c}{\~a}o progressiva das se\c{c}\~oes de um documento",
	title = "{{NBR} 6024}",
	year = 2012
}

@manual{NBR6028:2003,
	address = "Rio de Janeiro",
	date-added = "2012-12-15 21:02:12 +0000",
	date-modified = "2012-12-15 21:02:50 +0000",
	month = "nov.",
	org-short = "ABNT",
	organization = "Associa\c{c}{\~a}o Brasileira de Normas T{\'e}cnicas",
	pages = 2,
	subtitle = "Resumo - Apresenta\c{c}{\~a}o",
	title = "{{NBR} 6028}",
	year = 2003
}

@manual{NBR14724:2001,
	address = "Rio de Janeiro",
	date-added = "2012-12-15 20:34:08 +0000",
	date-modified = "2012-12-15 20:34:08 +0000",
	month = "jul.",
	org-short = "ABNT",
	organization = "Associa\c{c}{\~a}o Brasileira de Normas T{\'e}cnicas",
	pages = 6,
	subtitle = "Informa\c{c}{\~a}o e documenta\c{c}{\~a}o --- trabalhos acad{\^e}micos --- apresenta\c{c}{\~a}o",
	title = "{{NBR} 14724}",
	year = 2001
}

@manual{NBR14724:2002,
	address = "Rio de Janeiro",
	date-added = "2012-12-15 20:34:17 +0000",
	date-modified = "2012-12-15 20:34:17 +0000",
	month = "ago.",
	org-short = "ABNT",
	organization = "Associa\c{c}{\~a}o Brasileira de Normas T{\'e}cnicas",
	pages = 6,
	subtitle = "Informa\c{c}{\~a}o e documenta\c{c}{\~a}o --- trabalhos acad{\^e}micos --- apresenta\c{c}{\~a}o",
	title = "{{NBR} 14724}",
	year = 2002
}

@manual{NBR14724:2005,
	address = "Rio de Janeiro",
	date-added = "2012-12-15 20:34:08 +0000",
	date-modified = "2012-12-15 20:35:25 +0000",
	month = "dez.",
	org-short = "ABNT",
	organization = "Associa\c{c}{\~a}o Brasileira de Normas T{\'e}cnicas",
	pages = 9,
	subtitle = "Informa\c{c}{\~a}o e documenta\c{c}{\~a}o --- trabalhos acad{\^e}micos --- apresenta\c{c}{\~a}o",
	title = "{{NBR} 14724}",
	year = 2005
}

@manual{NBR14724:2011,
	address = "Rio de Janeiro",
	date-added = "2012-12-15 20:34:08 +0000",
	date-modified = "2012-12-15 20:35:25 +0000",
	month = "mar.",
	note = "Substitui a Ref.~\citeonline{NBR14724:2005}",
	org-short = "ABNT",
	organization = "Associa\c{c}{\~a}o Brasileira de Normas T{\'e}cnicas",
	pages = 15,
	subtitle = "Informa\c{c}{\~a}o e documenta\c{c}{\~a}o --- trabalhos acad{\^e}micos --- apresenta\c{c}{\~a}o",
	title = "{{NBR} 14724}",
	year = 2011
}

@article{van86,
	author = "{van}, Gigch John P. and Pipino, Leo L.",
	journal = "Future Computing Systems",
	number = "1",
	pages = "71--97",
	title = "{In search for a paradigm for the discipline of information systems}",
	volume = "1",
	year = "1986"
}

@phdthesis{guizzardi2005,
	address = "Enschede, The Netherlands",
	author = "Guizzardi, Giancarlo",
	bdsk-url-1 = "http://www.loa.istc.cnr.it/Guizzardi/SELMAS-CR.pdf",
	date-added = "2012-04-23 11:35:28 +0000",
	date-modified = "2012-04-23 11:35:28 +0000",
	school = "Centre for Telematics and Information Technology, University of Twente",
	title = "{Ontological Foundations for Structural Conceptual Models}",
	url = "http://www.loa.istc.cnr.it/Guizzardi/SELMAS-CR.pdf",
	urlaccessdate = "3 jul. 2011",
	year = "2005"
}

@mastersthesis{macedo2005,
	author = "Macedo, Fl{\'a}via L.",
	date-added = "2012-04-23 11:35:13 +0000",
	date-modified = "2012-04-23 11:35:13 +0000",
	keywords = "arquitetura da informa\c{c}{\~a}o",
	school = "Universidade de Bras{\'i}lia",
	title = "{Arquitetura da Informa\c{c}{\~a}o: aspectos espistemol{\'o}gicos, cient{\'i}ficos e pr{\'a}ticos.}",
	type = "Disserta\c{c}{\~a}o de Mestrado",
	year = "2005"
}

@manual{EIA649B,
	address = "EUA",
	date-added = "2012-04-23 11:34:59 +0000",
	date-modified = "2012-04-23 11:34:59 +0000",
	keywords = "norma",
	month = "June",
	organization = "TechAmerica",
	title = "{ANSI/EIA 649-B: Configuration Management Standard}",
	year = "2011"
}

@inproceedings{masolo2010,
	author = "Masolo, Claudio",
	bdsk-url-1 = "http://wiki.loa-cnr.it/Papers/kr10v0.7.pdf",
	booktitle = "{Proceedings of the Twelfth International Conference on the Principles of Knowledge Representation and Reasoning (KR 2010)}",
	date-added = "2012-04-23 11:34:38 +0000",
	date-modified = "2012-04-23 11:34:38 +0000",
	editor = "Lin, F. and Sattler, U.",
	pages = "258--268",
	publisher = "AAAI Press",
	title = "{Understanding Ontological Levels}",
	url = "http://wiki.loa-cnr.it/Papers/kr10v0.7.pdf",
	urlaccessdate = "2 jan. 2012",
	year = "2010"
}

@inbook{guarino1995,
	address = "Vienna",
	author = "Guarino, Nicola",
	bdsk-url-1 = "http://wiki.loa-cnr.it/Papers/OntLev.pdf",
	booktitle = "{Philosophy and the Cognitive Science}",
	date-added = "2012-04-23 11:34:29 +0000",
	date-modified = "2012-04-23 11:34:29 +0000",
	editor = "Casati, R. and Smith, B. and White, G.",
	month = "Sept.",
	pages = "443--456",
	publisher = "Holder-Pivhler-Tempsky",
	title = "{The Ontological Level}",
	url = "http://wiki.loa-cnr.it/Papers/OntLev.pdf",
	urlaccessdate = "2 jan. 2012",
	year = "1995"
}

@incollection{bates2010,
	address = "New York",
	author = "Bates, Marcia J.",
	bdsk-url-1 = "http://pages.gseis.ucla.edu/faculty/bates/articles/information.html",
	booktitle = "{Encyclopedia of Library and Information Sciences}",
	date-added = "2012-04-23 11:34:29 +0000",
	date-modified = "2012-04-23 11:34:29 +0000",
	edition = "3rd",
	editor = "Bates, Marcia J. and Maack, Mary Niles",
	pages = "2347--2360",
	publisher = "CRC Press",
	title = "{Information}",
	url = "http://pages.gseis.ucla.edu/faculty/bates/articles/information.html",
	urlaccessdate = "24 out. 2011",
	volume = "3",
	year = "2010"
}

@book{doxiadis1965,
	author = "Doxiadis, Constantinos A.",
	date-added = "2012-04-23 11:34:20 +0000",
	date-modified = "2012-04-23 11:34:20 +0000",
	publisher = "Ceira - Coimbra",
	title = "{Arquitetura em Transi\c{c}{\~a}o}",
	year = "1965"
}

@book{dewey1980,
	address = "New York, NY, USA",
	author = "Dewey, John",
	date-added = "2012-04-23 11:34:16 +0000",
	date-modified = "2012-04-23 11:34:16 +0000",
	publisher = "Perigee Books",
	title = "{Art as Experience}",
	year = "1980"
}

@manual{inmetro2003,
	address = "Rio de Janeiro, Brasil",
	author = "INMETRO",
	isbn = "85-87090-90-9",
	pages = "75",
	title = "{Vocabul{\'a}rio internacional de termos fundamentais e gerais de metrologia}",
	year = "2013"
}

@inproceedings{soviero1997,
	author = "Soviero, P. A. O. and Lavagna, L. G. M.",
	booktitle = "{Journal of the Brazilian Societyt Mechanical Sciences}",
	number = "3",
	pages = "332--340",
	title = "{A Numerical Model for Thin Airfoils in Unsteady Motion}",
	volume = "19",
	year = "1997"
}

@inproceedings{sparrow1980,
	author = "Sparrow, E. M.",
	booktitle = "{Numerical Heat Transfer}",
	pages = "149--167",
	title = "{Forced Convection Heat Transfer in a Duct Having Spanwise-Periodic Rectangular Protuberances}",
	volume = "3",
	year = "1980"
}

@article{clark1986,
	address = "University of Michigan",
	author = "Clark, J. A.",
	title = "{Private Communication}",
	year = "1986"
}

@article{arruda2007,
	author = "Arruda, M. B. B.",
	title = "{Como fazer refer{\^e}ncias: bibliogr{\'a}ficas, eletr{\^o}nicas e demais formas de documentos}",
	url = "http://bu.ufsc.br/framerefer.html",
	year = "2007"
}

@article{coimbra1978,
	address = "S{\~a}o Paulo, Brazil",
	author = "Coimbra, A. L.",
	editor = "Bl{\"u}cher, Edgard",
	pages = "428",
	title = "{Lessons of Continuum Mechanics}",
	year = "1978"
}

@inproceedings{bordalo1989,
	author = "Bordalo, S. N. and Ferziger, J. H. and Kline, S. J.",
	booktitle = "{Proceedings of the 10th Brazilian Congress of Mechanical Engineering}",
	pages = "41--44",
	title = "{The Development of Zonal Models for Turbulence}",
	volume = "1",
	year = "1989"
}

@manual{NBR14724:2011,
	address = "Rio de Janeiro",
	date-added = "2012-12-15 20:34:08 +0000",
	date-modified = "2012-12-15 20:35:25 +0000",
	month = mar,
	org-short = "ABNT",
	organization = "Associa\c{c}{\~a}o Brasileira de Normas T{\'e}cnicas",
	pages = 15,
	subtitle = "Informa\c{c}{\~a}o e documenta\c{c}{\~a}o --- trabalhos acad{\^e}micos --- apresenta\c{c}{\~a}o",
	title = "{{NBR} 14724}",
	year = 2011
}

@manual{NBR6034:2000,
	address = "Rio de Janeiro",
	org-short = "ABNT",
	organization = "Associa\c{c}{\~a}o Brasileira de Normas T{\'e}cnicas",
	subtitle = "Informa\c{c}{\~a}o e documenta\c{c}{\~a}o --- Refer{\^e}ncias",
	title = "{{NBR} 14724}",
	year = 2000
}

@book{langhaar,
	address = "New York",
	author = "Langhaar, Henry Louis",
	edition = "2th",
	publisher = "Wiley",
	title = "{Dimensional Analysis and the theory of models}",
	year = "1951"
}

@book{mit,
	address = "Cambridge",
	author = "Sonin, Ain A.",
	edition = "2th",
	publisher = "MIT",
	school = "Departament of Mechanical Engineering",
	title = "{The Physical Basis of Dimensional Analysis}",
	year = "2001"
}

@article{TF,
	author = "Filho, Geraldo L{\'u}cio Tiago and Nogueira, F{\'a}bio Jos{\'e} Horta and Marcucci, Fabr{\'i}cio Rodrigues",
	journal = "Simp{\'o}sio Brasileiro sobre Pequenas e M{\'e}dias Centrais Hidrel{\'e}tricas",
	number = "V",
	title = "{A Micro-turbina hidr{\'a}ulica Indalma: an{\'a}lise de suas caracter{\'i}sticas operacionais.}",
	year = "2006"
}

@article{micaelle,
	address = "Juiz de Fora - MG",
	author = "de Siqueira, Micaelle Ara{\'u}jo and {Van Els}, Rudi Henri",
	journal = "Congresso Brasileiro de Educa\c{c}{\~a}o em Engenharia",
	title = "{Uso de bancada de ensaio de turbina hidr{\'a}ulica em laborat{\'o}rio na forma\c{c}{\~a}o do engenheiro de energia a partir da disciplina fontes de energia e tecnologias de convers{\~a}o}",
	year = "2014"
}

@book{labunb,
	address = "Bras{\'i}lia",
	author = "da Cruz, Joelma Bomfim",
	institution = "Secretaria de Educa\c{c}{\~a}o B{\'a}sica",
	isbn = "978-85-230-0977-9",
	journal = "Universidade de Bras{\'i}lia",
	pages = "104",
	publisher = "Minist{\'e}rio da Educa\c{c}{\~a}o",
	title = "{Laborat{\'o}rios}",
	year = "2009"
}

@article{New1
}

@article{cobenge1,
	address = "Gramado - RS",
	author = "de Sousa, Jo{\~a}o Guilherme Mota and de Sousa, Dec{\'i}ola Fernandes and Pires, Jer{\^o}nimo Souza",
	edition = "XLI",
	journal = "Congresso Brasileiro de Educa\c{c}{\~a}o em Engenharia",
	title = "{Ensino e Aprendizagem em Laborat{\'o}rio}",
	year = "2013"
}

@article{cobenge2,
	address = "Gramado - RS",
	author = "Flauzino, Jo{\~a}o Paulo Puccette Nenhentalla and de Souza, Anaira Noia and e Silva, Carlos Wagner Moura and Rezende, Henrique B. and Grilli, Thiago C.",
	edition = "XLI",
	journal = "Congresso Brasileiro de Educa\c{c}{\~a}o em Engenharia",
	title = "{Laborat{\'o}rio Divergente: convergindo pr{\'a}ticas de ensino e de pesquisa}",
	year = "2013"
}

@book{souza2,
	address = "Rio de Janeiro",
	author = "de Souza, Zulcy and Santos, Afonso H. M. and Bortoni, Edison da C.",
	isbn = "85-87083-02-3",
	publisher = "ELETROBR{\'A}S",
	title = "{Centrais Hidrel{\'e}tricas: estudos para implanta\c{c}{\~a}o}",
	year = "1999"
}

@manual{inmet,
	address = "Bras{\'i}lia",
	author = "INMET",
	bdsk-url-1 = "http://www.inmet.gov.br/prev\_clima\_tempo/previsao/html/prevcap\_DF.html",
	title = "{Instituto Nacional de Meteorologia}",
	url = "http://www.inmet.gov.br/prev_clima_tempo/previsao/html/prevcap_DF.html",
	year = "2014"
}

@book{cengel,
	address = "Rio de Janeiro",
	author = "Cengel, Yunus A. and Boles, Michael A.",
	edition = "7th",
	isbn = "9788580552003",
	publisher = "MCGRAW-HILL",
	title = "{Termodin{\^a}mica}",
	year = "2013"
}

@phdthesis{uchoa,
	address = "Bras{\'i}lia",
	author = "Diaz, Claudia Patricia Ochoa",
	pages = "56",
	publisher = "Universidade de Bras{\'i}lia",
	school = "Faculdade de Tecnologia",
	title = "{Caracteriza\c{c}{\~a}o e modelagem de marcha b{\'i}pede para controle de pr{\'o}tese transfemural com atua\c{c}{\~a}o magneto-reol{\'o}gica }",
	year = "2014"
}

@article{bizusuelia,
	address = "S{\~a}o Luiz",
	author = "J{\'u}nior, Carlos Alberto Casc{\~a}o and Beckmann, Ener Diniz and Ishihara, Jo{\~a}o Yoshiyuki and Ferreira, Renan Utida and Borges, Geovany Ara{\'u}jo and da Rocha, Adson Ferreira",
	edition = "7th",
	journal = "Simp{\'o}sio Brasileiro de Automa\c{c}{\~a}o Inteligente - SBAI",
	month = "set.",
	title = "{Estudo e Desenvolvimento de uma Pr{\'o}tese Ativa de Perna Comandada por Sinais Eletromiogr{\'a}ficos}",
	year = "2005"
}

@article{blaya,
	author = "Blaya, Joaquin A. and Herr, Hugh",
	edition = "1th",
	journal = "IEEE Transactios on neural systems and rehabilitation engineering",
	month = "mar.",
	pages = "24--31",
	title = "{Adaptive Control of a Variable-Impedance Ankle-Foot Orthosis to Assist Drop-Foot Gait}",
	volume = "12",
	year = "2004"
}

@miscellaneous{junior,
	address = "Bras{\'i}lia",
	author = "J{\'u}nior, Carlos Alberto Casc{\~a}o",
	institution = "Departamento de Engenharia El{\'e}trica",
	publisher = "Universidade de Bras{\'i}lia",
	school = "Faculdade de Tecnologia",
	title = "{Pr{\'o}tese Mec{\^a}nica para Reabilita\c{c}{\~a}o Rob{\'o}tica}",
	year = "2005"
}

@article{ziegler,
	address = "EUA",
	author = "Ziegler-Graham, Kathryn and MacKenzie, Ellen J. and Ephraim, Patti L. and Travison, Thomas G. and Brookmeyer, Ron",
	journal = "Arch Phys Med Rehabil",
	month = "mar.",
	pages = "422--429.",
	title = "{Estimating the Prevalence of Limb Loss in the United States: 2005 to 2050}",
	volume = "89",
	year = "2008"
}

@article{splichler,
	author = "Spichler, David and Jr., Fausto Miranda and Spichler, Ethel Stambovsky and Franco, La{\'e}rcio Joel",
	journal = "J Vasc Br",
	number = "2",
	pages = "111--122.",
	publisher = "Sociedade Brasileira de Angiologia e Cirurgia Vascular.",
	title = "{Amputa\c{c}ões maiores de membros inferiores por doen\c{c}a arterial perif{\'e}rica e diabetes melito no munic{\'i}pio do Rio de Janeiro}",
	volume = "3",
	year = "2004"
}

@book{ortese,
	address = "Barcelona",
	author = "Benasuly, Ana Esther Levy and Barrag{\'a}n, Jos{\'e} Manuel Cort{\'e}s",
	isbn = "84-458-1299-8",
	location = "Espan{\~a}",
	publisher = "Masson",
	title = "{Ortopodolog{\'i}a y Aparato Locomotor - Ortopedia de pie y tobillo}",
	year = "2003"
}

@article{New1
}

@book{alves,
	address = "Bras{\'i}lia",
	author = "Alves, Eduardo da Silva",
	publisher = "Universidade de Bras{\'i}lia",
	school = "Faculdade de Tecnologia",
	title = "{Proposta de um m{\'o}dulo sensorial para estima\c{c}{\~a}o de postura com rela\c{c}{\~a}o ao solo de uma pr{\'o}tese rob{\'o}tica de perna }",
	year = "2007"
}

@mastersthesis{scandaroli,
	address = "Bras{\'i}lia",
	author = "Scandaroli, Glauco Garcia",
	institution = "Departamento de Engenharia El{\'e}trica",
	publisher = "Universidade de Bras{\'i}lia",
	school = "Faculdade de Tecnologia",
	title = "{Estima\c{c}{\~a}o em sistemas com restri\c{c}ões de igualdade e aplica\c{c}ões em rob{\'o}tica m{\'o}vel e de reabilita\c{c}{\~a}o}",
	year = "2009"
}

@phdthesis{delis,
	address = "Bras{\'i}lia",
	author = "Delis, Alberto L{\'o}pez",
	institution = "Departamento de Engenharia El{\'e}trica",
	publisher = "Universidade de Bras{\'i}lia",
	school = "Faculdade de Tecnologia",
	title = "{Metodologias de estima\c{c}{\~a}o do {\^a}ngulo do joelho para detec\c{c}{\~a}o da inten\c{c}{\~a}o de movimento}",
	year = "2010"
}

@article{acce1,
	address = "http://www.accenet.org/default.asp?page=about\&section=definition",
	author = "ACCE",
	month = "julho",
	publisher = "Clinical Engineer (defined)",
	title = "{American College of Clinical Engineering}",
	year = "1992"
}

@article{New1
}

@article{acce2,
	address = "http://www.accenet.org/downloads/reference/Clinical\_Engineering\_and\_Information\_Tec
hnology.pdf",
	author = "ACCE",
	publisher = "Clinical Engineering and Information Technology",
	title = "{Reference Materials}",
	year = "2008"
}

@book{ACR,
	edition = "1",
	location = "S{\~a}o Paulo",
	publisher = "American College of Radiology",
	title = "{BI-RADS: Sistema de laudos e registro de dados de imagem da mama}"
}

@article{huang,
	address = "New
Jersey",
	author = "HUANG, H. K",
	publisher = "John Wiley \& Sons",
	title = "{PACS and imaging informatics: basic principles and applications}",
	year = "2004"
}

@book{dreyer,
	address = "New York",
	author = "DREYER, K. J. and q and q and q and q",
	edition = "2th",
	publisher = "Springer",
	title = "{PACS: a guide to the digital revolution}",
	year = "2006"
}

@article{baert,
	address = "New York",
	author = "BAERT, A. L. and abnTeX2 and abnTeX2 and abnTeX2 and ACCE",
	publisher = "Springer",
	title = "{Digital Mammography}",
	year = "2010"
}

@article{trambert,
	address = "Santa Barbara",
	author = "TRAMBERT, M.",
	pages = "75-81",
	publisher = "WBS: Seminars in breast
disease",
	title = "{Digital mammography integrated with PACS: real world issues,
considerations, workflow solutions, and reading paradigms.}",
	volume = "v9",
	year = "2006"
}

@article{New2
}

@article{grimes,
	author = "GRIMES, S. L.",
	month = mar,
	pages = "122-124",
	publisher = "IEEE Engineering in
medicine and biology",
	title = "{The challenge of integrating the healthcare enterprise.}",
	year = "2005"
}

@article{New3
}

@article{inca,
	address = "Rio de Janeiro",
	author = "INCA",
	publisher = "INCA",
	title = "{Estimativa 2010: incid{\^e}ncia de c{\^a}ncer no Brasil}",
	year = "2009"
}

